<?xml version="1.0" encoding="UTF-8"?><collection xmlns="http://www.loc.gov/MARC21/slim"><record><leader>00326nam--2200109-i-4500</leader><controlfield tag="001">000036090</controlfield><controlfield tag="002">20161230</controlfield><controlfield tag="005">20161230201040</controlfield><controlfield tag="008">060222s1000------------r-----000-0-eng-d</controlfield><datafield ind1=" " ind2=" " tag="245"><subfield code="a">Nuclear geology. a symposium on nuclear phenomena in the earth sciences</subfield></datafield><datafield ind1=" " ind2=" " tag="260"><subfield code="a">New York, John Wiley &amp; Sons, Inc., 1957. Xvii+414p</subfield></datafield><datafield ind1=" " ind2=" " tag="852"><subfield code="a">10423</subfield></datafield></record></collection>